@Article{x92:_analp_formal,
  author = 	 {Prof.~X and Dr.~Y},
  title = 	 {Analphabetical Formalism},
  journal = 	 {Journal of obscure and unapplied mathematics},
  year = 	 1992,
  keywords = {vorarbeit}
  }

@article{green2008primes,
  title={The primes contain arbitrarily long arithmetic progressions},
  author={Green, Ben and Tao, Terence},
  journal={Annals of mathematics},
  pages={481--547},
  year={2008},
  publisher={JSTOR}
}
